<record><leader>00000cas a2200000 a 4500</leader><controlfield tag="001">18448343</controlfield><controlfield tag="008">880906d18921936wauwr ne      0    0ger d</controlfield><datafield ind1=" " ind2=" " tag="010"><subfield code="a">sn 88085950 </subfield></datafield><datafield ind1=" " ind2=" " tag="040"><subfield code="a">SLZ</subfield><subfield code="b">eng</subfield><subfield code="c">SLZ</subfield><subfield code="d">CRL</subfield><subfield code="d">OCL</subfield><subfield code="d">OCLCQ</subfield><subfield code="d">OCLCF</subfield><subfield code="d">OCLCO</subfield></datafield><datafield ind1=" " ind2=" " tag="042"><subfield code="a">msc</subfield></datafield><datafield ind1=" " ind2=" " tag="043"><subfield code="a">n-us-wa</subfield></datafield><datafield ind1="0" ind2=" " tag="130"><subfield code="a">Washington post (Spokane, Wash.)</subfield></datafield><datafield ind1="1" ind2="0" tag="245"><subfield code="a">Washington post.</subfield></datafield><datafield ind1="3" ind2="0" tag="246"><subfield code="a">Spokane Washington post</subfield></datafield><datafield ind1=" " ind2=" " tag="260"><subfield code="a">Spokane, Wash. :</subfield><subfield code="b">A.M. Armand</subfield></datafield><datafield ind1=" " ind2=" " tag="300"><subfield code="a">v.</subfield></datafield><datafield ind1=" " ind2=" " tag="310"><subfield code="a">Weekly</subfield></datafield><datafield ind1="0" ind2=" " tag="362"><subfield code="a">4. Jahrg., no. 161 (27. Feb., 1892)-</subfield></datafield><datafield ind1="1" ind2=" " tag="362"><subfield code="a">Ceased in 1936.</subfield></datafield><datafield ind1=" " ind2="0" tag="650"><subfield code="a">Germans</subfield><subfield code="z">Washington (State)</subfield><subfield code="z">Spokane</subfield><subfield code="v">Newspapers.</subfield></datafield><datafield ind1=" " ind2="0" tag="651"><subfield code="a">Spokane (Wash.)</subfield><subfield code="v">Newspapers.</subfield></datafield><datafield ind1=" " ind2="7" tag="655"><subfield code="a">Newspapers.</subfield><subfield code="2">fast</subfield><subfield code="0">(OCoLC)fst01423814</subfield></datafield><datafield ind1=" " ind2="7" tag="650"><subfield code="a">Germans.</subfield><subfield code="2">fast</subfield><subfield code="0">(OCoLC)fst00942100</subfield></datafield><datafield ind1=" " ind2="7" tag="651"><subfield code="a">Washington (State)</subfield><subfield code="z">Spokane.</subfield><subfield code="2">fast</subfield><subfield code="0">(OCoLC)fst01206731</subfield></datafield><datafield ind1=" " ind2=" " tag="752"><subfield code="a">United States</subfield><subfield code="b">Washington</subfield><subfield code="c">Spokane</subfield><subfield code="d">Spokane.</subfield></datafield><datafield ind1="0" ind2="0" tag="780"><subfield code="t">Spokane post</subfield><subfield code="w">(DLC)sn 88085951</subfield></datafield><datafield ind1="1" ind2="4" tag="785"><subfield code="t">Nachrichten aus dem Nordwesten</subfield><subfield code="w">(DLC)sn 83045339</subfield><subfield code="w">(OCoLC)9426930</subfield></datafield></record>